@Article{Landes:66,
  author =       "Kenneth K. Landes",
  title =        "A Scrutiny of the Abstract. {II}",
  journal =      "Bull. Amer. Assoc. Petroleum Geologists",
  volume =       "50",
  number =       "9",
  pages =        "1992",
  year =         "1966"
}

@misc{wikipedia:kerberos:10,
   author = "Wikipedia",
   title = "Kerberos (protocol) --- Wikipedia{,} The Free Encyclopedia",
   year = "2010",
   url = "http://en.wikipedia.org/w/index.php?title=Kerberos_(protocol)&oldid=387752010",
   note = "[Online; accessed 3-October-2010]"
}

@misc{GlusterFS:About:14,
	author =	"GlusterFS",
	title =		"Gluster",
	year =		"2014",
	url =		"http://gluster.org/documentation/About_Gluster/",
	note =		"[Online; accessed 11-November-2014]"
}

@misc{GlusterFS:Glossary:14,
	author =	"GlusterFS",
	title =		"Glossary - Gluster",
	year =		"2014",
	url =		"http://gluster.org/documentation/Glossary/",
	note =		"[Online; accessed 11-November-2014]"
}


@misc{XFS,
	author =	"SGI",
	title =		"XFS: A high-performance journaling filesystem",
	year =		"2012",
	url =		"http://oss.sgi.com/projects/xfs/",
	note =		"[Online; accessed 16-November-2014]"
}

@misc{Murphy,
	author =	"Raanan Avidor",
	title =		"Murphy Laws Site - Murphy Laws",
	year =		"2014",
	url =		"http://www.murphys-laws.com/murphy/murphy-laws.html",
	note =		"[Online; accessed 19-November-2014]"
}

@misc{Puppet,
	author =	"Cover My Meds",
	title =		"Gluster Puppet Module",
	year =		"2014",
	url =		"https://forge.puppetlabs.com/covermymeds/gluster",
	note =		"[Online; accessed 21-November-2014]"
}



@article{Klein:09,
  author = 	 {Gerwin Klein},
  title = 	 {Correct OS Kernel? Proof? Done!},
  journal =  {USENIX ;login:},
  year = 	 2009,
  volume = 	 34,
  number = 	 6,
  pages = 	 {28--34},
  month = 	 dec,
  publisher = {USENIX},
}

@inproceedings{Begnum:07,
 author = {Begnum, Kyrre},
 title = {Xen Virtualization and Multi-host Management Using MLN},
 booktitle = {AIMS '07: Proceedings of the 1st international conference on Autonomous Infrastructure, Management and Security},
 year = {2007},
 isbn = {978-3-540-72985-3},
 pages = {229--229},
 location = {Oslo, Norway},
 doi = {http://dx.doi.org/10.1007/978-3-540-72986-0_32},
 publisher = {Springer-Verlag},
 address = {Berlin, Heidelberg},
 }

